<record><leader>00000cas a22000007a 4500</leader><controlfield tag="001">11682386</controlfield><controlfield tag="008">850211d19261928wiuwr ne      0    0eng d</controlfield><datafield ind1=" " ind2=" " tag="010"><subfield code="a">sn 85040151 </subfield></datafield><datafield ind1=" " ind2=" " tag="040"><subfield code="a">NPV</subfield><subfield code="b">eng</subfield><subfield code="c">NPV</subfield><subfield code="d">OCLCQ</subfield></datafield><datafield ind1=" " ind2=" " tag="042"><subfield code="a">msc</subfield></datafield><datafield ind1="0" ind2="4" tag="245"><subfield code="a">The Shorewood radio and north shore review.</subfield></datafield><datafield ind1="1" ind2="7" tag="246"><subfield code="a">Shorewood radio</subfield></datafield><datafield ind1=" " ind2=" " tag="260"><subfield code="a">Shorewood, Wis. :</subfield><subfield code="b">E.G. Henkel Pub. Co.,</subfield><subfield code="c">1926-1928.</subfield></datafield><datafield ind1=" " ind2=" " tag="300"><subfield code="a">v. :</subfield><subfield code="b">ill.</subfield></datafield><datafield ind1=" " ind2=" " tag="310"><subfield code="a">Weekly</subfield></datafield><datafield ind1="0" ind2=" " tag="362"><subfield code="a">Vol. 3, no. 13 (Jan. 8, 1926)-v. 5, no. 16 (Jan. 27, 1928).</subfield></datafield><datafield ind1=" " ind2=" " tag="500"><subfield code="a">Publisher varies.</subfield></datafield><datafield ind1=" " ind2=" " tag="752"><subfield code="a">United States</subfield><subfield code="b">Wisconsin</subfield><subfield code="c">Milwaukee</subfield><subfield code="d">Shorewood.</subfield></datafield><datafield ind1=" " ind2=" " tag="752"><subfield code="a">United States</subfield><subfield code="b">Wisconsin</subfield><subfield code="c">Milwaukee</subfield><subfield code="d">Milwaukee.</subfield></datafield><datafield ind1="0" ind2="0" tag="780"><subfield code="t">Shorewood radio and gold coast review</subfield><subfield code="w">(DLC)sn 85040150</subfield></datafield><datafield ind1="0" ind2="0" tag="785"><subfield code="t">North shore review and Shorewood radio</subfield><subfield code="w">(DLC)sn 85040152</subfield></datafield></record>